@InProceedings{Chen2024g,
  title={Generalized constraint for probabilistic safe reinforcement learning},
  author={Chen, Weiqin and Paternain, Santiago},
  booktitle={Learning for Dynamics \& Control Conference},
  pages={1606--1618},
  year={2024},
  keywords={crl},
}

@Article{Chen2024p,
  title={Probabilistic constraint for safety-critical reinforcement learning},
  author={Chen, Weiqin and Subramanian, Dharmashankar and Paternain, Santiago},
  journal={IEEE Trans. on Autom. Control.},
  year={2024},
  keywords={crl},
}

@InProceedings{Chen2024a,
  title={Adaptive Primal-Dual Method for Safe Reinforcement Learning},
  author={Chen, Weiqin and Onyejizu, James and Vu, Long and Hoang, Lan and Subramanian, Dharmashankar and Kar, Koushik and Mishra, Sandipan and Paternain, Santiago},
  booktitle={International Conference on Autonomous Agents and Multiagent Systems},
  pages={326--334},
  year={2024},
  keywords={crl},
}

@InProceedings{Jayarathne2023s,
  title={Safe residual reinforcement learning for helicopter aerial refueling},
  author={Jayarathne, Damsara and Paternain, Santiago and Mishra, Sandipan},
  booktitle={IEEE/ASME International Conference on Advanced Intelligent Mechatronics (AIM)},
  pages={263--269},
  year={2023},
  keywords={crl},
}

@InProceedings{Achiam17c,
	author={Joshua Achiam and David Held and Aviv Tamar and Pieter Abbeel},
	title={Constrained Policy Optimization},
	booktitle={International Conference on Machine Learning~(ICML)},
	year={2017},
	url={\url{https://proceedings.mlr.press/v70/achiam17a.html}},
	keywords={crl},
}

@Book{Altman99c,
	author={Altman, E.},
	publisher={Chapman and Hall},
	title={Constrained Markov Decision Processes},
	year={1999},
	url={\url{https://www-sop.inria.fr/members/Eitan.Altman/TEMP/h.pdf}},
	keywords={crl},
}


@InProceedings{Zhang19t,
	author={Zhang, Hongyang and Yu, Yaodong and Jiao, Jiantao and Xing, Eric and Ghaoui, Laurent El and Jordan, Michael},
	title={Theoretically Principled Trade-off between Robustness and Accuracy},
	booktitle={International Conference on Machine Learning~(ICML)},
	year={2019},
	url={\url{http://proceedings.mlr.press/v97/zhang19p.html}},
	keywords={csl},
}


@InProceedings{Shen22a,
	author={Zebang Shen and Juan Cervino and Hamed Hassani and Alejandro Ribeiro},
	title={An Agnostic Approach to Federated Learning with Class Imbalance},
	booktitle={International Conference on Learning Representations~(ICLR)},
	year={2022},
	url={\url{https://openreview.net/forum?id=Xo0lbDt975}},
	keywords={csl},
}

@Article{Cotter19o,
  author={Andrew Cotter and Heinrich Jiang and Maya Gupta and Serena Wang and Taman Narayan and Seungil You and Karthik Sridharan},
  title={Optimization with Non-Differentiable Constraints with Applications to Fairness, Recall, Churn, and Other Goals},
  journal={Journal of Machine Learning Research},
  year={2019},
  volume={20},
  number={172},
  pages={1--59},
  keywords={csl},
}

@InProceedings{Chowdhury23l,
  author={Arindam Chowdhury and Santiago Paternain and Gunjan Verma and Ananthram Swami and Santiago Segarra},
  title={Learning Non-myopic Power Allocation in Constrained Scenarios},
  booktitle={IEEE Asilomar Conference on Signals, Systems and Computers},
  year={2023},
  pages={804--808},
  arxiv={\url{https://arxiv.org/abs/2401.10297}},
  keywords={crl},
}

@Article{NaderiAlizadeh22s,
  author={NaderiAlizadeh, Navid and Eisen, Mark and Ribeiro, Alejandro},
  journal={IEEE Trans. on Signal Process.},
  title={State-Augmented Learnable Algorithms for Resource Management in Wireless Networks},
  year={2022},
  volume={70},
  pages={5898--5912},
  arxiv={\url{https://arxiv.org/abs/2207.02242}},
  keywords={crl},
}

@InProceedings{Elenter24n,
  author={J. Elenter and L. F. O. Chamon and A. Ribeiro},
  title={Near-optimal solutions of constrained learning problems},
  booktitle={International Conference on Learning Representations~(ICLR)},
  year={2024},
  arxiv={\url{https://arxiv.org/abs/2403.11844}},
  keywords={csl},
}

@InProceedings{Hounie23r,
  author={I. Hounie and A. Ribeiro and L. F. O. Chamon},
  title={Resilient Constrained Learning},
  booktitle={Conference on Neural Information Processing Systems~(NeurIPS)},
  year={2023},
  arxiv={\url{https://arxiv.org/abs/2306.02426}},
  keywords={csl},
}

@Article{Chamon20f,
  author={L. F. O. Chamon and Y. C. Eldar and A. Ribeiro},
  title={Functional nonlinear sparse models},
  volume={68[1]},
  journal={IEEE Trans. on Signal Process.},
  year={2020},
  pages={2449--2463},
  arxiv={\url{https://arxiv.org/abs/1811.00577}},
  keywords={other},
}

@Article{Calvo-Fullana24s,
  author={M. {Calvo-Fullana} and S. Paternain and L. F. O. Chamon and A. Ribeiro},
  title={State augmented constrained reinforcement learning: {O}vercoming the limitations of learning with rewards},
  journal={IEEE Trans. on Autom. Control.},
  year={2024},
  volume={69[7]},
  pages={4275--4290},
  arxiv={\url{https://arxiv.org/abs/2102.11941}},
  keywords={main},
}

@Article{Chamon23c,
  author={L. F. O. Chamon and S. Paternain and M. {Calvo-Fullana} and A. Ribeiro},
  title={Constrained Learning with Non-Convex Losses},
  journal={IEEE Trans. on Inf. Theory},
  volume={69[3]},
  pages={1739--1760},
  year={2023},
  arxiv={\url{https://arxiv.org/abs/2103.05134}},
  keywords={main},
}

@Article{Paternain23s,
  author={S. Paternain and M. {Calvo-Fullana} and L. F. O. Chamon and A. Ribeiro},
  title={Safe policies for reinforcement learning via primal-dual methods},
  journal={IEEE Trans. on Autom. Control.},
  year={2023},
  volume={68[3]},
  pages={1321--1336},
  arxiv={\url{https://arxiv.org/abs/1911.09101}},
  keywords={crl},
}

@InProceedings{Cervino23l,
  author={J. Cervino and L. F. O. Chamon and B. D. Haeffele and R. Vidal and A. Ribeiro},
  title={Learning Globally Smooth Functions on Manifolds},
  booktitle={International Conference on Machine Learning~(ICML)},
  year={2023},
  arxiv={\url{https://arxiv.org/abs/2210.00301}},
  keywords={csl},
}

@InProceedings{Hounie23a,
  author={I. Hounie and L. F. O. Chamon and A. Ribeiro},
  title={Automatic Data Augmentation via Invariance-Constrained Learning},
  booktitle={International Conference on Machine Learning~(ICML)},
  year={2023},
  arxiv={\url{https://arxiv.org/abs/2209.15031}},
  keywords={csl},
}

@InProceedings{Robey22p,
  author={A. Robey and L. F. O. Chamon and G. J. Pappas and H. Hassani},
  title={Probabilistically Robust Learning: {B}alancing Average- and Worst-case Performance},
  booktitle={International Conference on Machine Learning~(ICML)},
  year={2022},
  pages={},
  award={spotlight},
  arxiv={\url{https://arxiv.org/abs/2202.01136}},
  keywords={csl},
}

@InProceedings{Robey21a,
  author={A. Robey* and L. F. O. Chamon* and G. J. Pappas and H. Hassani and A. Ribeiro},
  title={Adversarial Robustness with Semi-Infinite Constrained Learning},
  booktitle={Conference on Neural Information Processing Systems~(NeurIPS)},
  year={2021},
  pages={},
  note={{(* equal contribution)}},
  arxiv={\url{https://arxiv.org/abs/2110.15767}},
  keywords={main},
}

@InProceedings{Chamon20p,
  author={L. F. O. Chamon and A. Ribeiro},
  title={Probably approximately correct constrained learning},
  booktitle={Conference on Neural Information Processing Systems~(NeurIPS)},
  year={2020},
  pages={},
  arxiv={\url{https://arxiv.org/abs/2006.05487}},
  keywords={csl},
}

@InProceedings{Chamon20ta,
  author={L. F. O. Chamon and S. Paternain and M. {Calvo-Fullana} and A. Ribeiro},
  title={The empirical duality gap of constrained statistical learning},
  booktitle={IEEE International Conference in Acoustic, Speech, and Signal Processing (ICASSP)},
  year={2020},
  pages={},
  award={Best student paper award},
  arxiv={\url{https://arxiv.org/abs/2002.05183}},
  keywords={csl},
}

@Article{Eisen19l,
  author={M. Eisen and C. Zhang and L. F. O. Chamon and D. D. Lee and A. Ribeiro},
  title={Learning optimal resource allocations in wireless systems},
  volume={67[10]},
  journal={IEEE Trans. on Signal Process.},
  year={2019},
  pages={2775--2790},
  award={Top 50 most accessed articles in IEEE TSP: May, July, Sept, Oct 2019},
  arxiv={\url{https://arxiv.org/abs/1807.08088}},
  keywords={csl},
}

@InProceedings{Paternain19c,
  author={S. Paternain and L. F. O. Chamon and M. {Calvo-Fullana} and A. Ribeiro},
  title={Constrained reinforcement learning has zero duality gap},
  booktitle={Conference on Neural Information Processing Systems~(NeurIPS)},
  year={2019},
  pages={7555--7565},
  arxiv={\url{https://arxiv.org/abs/1910.13393}},
  keywords={main},
}

@Misc{Chamon21c,
  author={L. F. O. Chamon},
  title={{csl}: {L}earning under requirements with {PyTorch}},
  version={1.0},
  year={2021},
  url={\url{https://github.com/lfochamon/csl}},
  keywords={other},
}
